@incollection{Bardos1991Fluidb,
	author = {Bardos, Claude and Golse, François and Levermore, C David},
	booktitle = {Advances in Kinetic Theory and Continuum Mechanics},
	pages = {57--71},
	publisher = {Springer},
	title = {Fluid dynamic limits of discrete velocity kinetic equations},
	year = 1991
}

@article{Bardos1991Fluid,
	author = {Bardos, Claude and Golse, François and Levermore, C David},
	journal = {Journal of Statistical Physics},
	number = 1,
	pages = {323--344},
	publisher = {Springer},
	title = {Fluid dynamic limits of kinetic equations. I. Formal derivations},
	volume = 63,
	year = 1991
}

@article{Bardos1984Differents,
	author = {Bardos, Claude and Golse, François},
	number = 7,
	pages = {225--228},
	title = {Différents aspects de la notion d'entropie au niveau de l'équation de {B}oltzmann et de  {N}avier- {S}tokes},
	volume = 299,
	year = 1984,
	journal={Comptes rendus des séances de l'Académie des sciences. Série 1, Mathématique},
}	issn = {0249-6291},

@book{cercignani1988boltzmann,
	author = {Cercignani, Carlo},
	title = {The Boltzmann equation and its applications},
	publisher = {Springer-Verlag, New York},
	year = 1988,
	PAGES = {xii+455},
}

@article{Dolbeault1994FD,
	author = {Dolbeault, Jean},
	journal = {Archive for rational mechanics and analysis},
	number = 2,
	pages = {101-131},
	publisher = {Springer},
	title = {Kinetic models and quantum effects: a modified Boltzmann equation for Fermi-Dirac particles},
	volume = 127,
	year = 1994
}

@book{Glassey1987Cauchy,
	author = {Glassey, Robert Thomas},
     TITLE = {The {C}auchy problem in kinetic theory},
 PUBLISHER = {Society for Industrial and Applied Mathematics (SIAM),
              Philadelphia, PA},
      YEAR = {1996},
     PAGES = {xii+241},
}

@incollection{Godunov1987Lois,
	author = {Godounov, Sergei Konstantinovich},
	booktitle = {Nonlinear hyperbolic problems},
	pages = {135--149},
	publisher = {Springer},
	title = {Lois de conservation et integrales d'energie des equations hyperboliques},
	year = 1987
}

@inproceedings{Godunov1961Interesting,
	author = {Godunov, Sergei Konstantinovich},
	number = 3,
	pages = {521-523},
	title = {An interesting class of quasilinear systems},
	volume = 139,
	year = 1961,
	booktitle = {Dokl. Akad. Nauk USSR},
}	issn = {0002-3264},

@book{Godunov1978Elementy,
	author = {Godunov, Sergei Konstantinovich},
	pages = 303,
	publisher = {\enquote{Nauka}, Moscow},
	title = {Elementy mekhaniki sploshnoi sredy},
	year = 1978
}

@article{Harten1998Convex,
	author = {Harten, Ami and Lax, Peter D and Levermore, C David and Morokoff, William J},
	booktitle = {SIAM},
	journal = {SIAM},
	number = 6,
	pages = {2117-2127},
	publisher = {SIAM},
	title = {Convex entropies and hyperbolicity for general Euler equations},
	volume = 35,
	year = 1998
}

@book{Landau1968Course,
	author = {Landau, Lev Davidovich and Lifshitz, Evgeniy Mikhalovich},
	booktitle = {Pergamon Press, Oxford-Edinburgh-New York},
	journal = {Pergamon Press, Oxford-Edinburgh-New York},
	pages = {xii+484},
	publisher = {Pergamon Press, Oxford-Edinburgh-New York},
	series = {Translated from the Russian by J. B. Sykes and M. J. Kearsley. Second revised and enlarged edition},
	title = {Course of theoretical physics. Vol. 5: Statistical physics},
	year = 1968
}

@book{Lifshitz1981Course,
	author = {Lifshitz, Evgeniy Mikhailovich and Pitaevskii, Lev Petrovich},
	journal = {Pergamon Press, Oxford-Elmsford, N.Y.},
	pages = {xi+452},
	publisher = {Pergamon Press, Oxford-Elmsford, N.Y.},
	series = {Pergamon International Library of Science, Technology, Engineering and Social Studies},
	title = {Course of theoretical physics (\enquote{{L}andau -- {L}ifshits} ). {V}ol. 10},
	year = 1981
}	isbn = {0-08-020641-7; 0-08-026480-8},

@book{Prudnikov1986Integrals,
	author = {Prudnikov, Anatoliy Platonovich and Brychkov, Youriy Aleksandrovich and Marichev, Oleg Igorevich},
	publisher = {CRC Press},
	title = {Integrals and series: special functions},
	volume = 2,
	year = 1986
}

@book{Truesdell1980Fundamentalsa,
	author = {Truesdell, Clifford and Muncaster, Robert G},
	pages = {xxvii+593},
	publisher = {Academic Press, Inc. [Harcourt Brace Jovanovich, Publishers], New York-London},
	series = {Pure and Applied Mathematics},
	title = {Fundamentals of {M}axwell's kinetic theory of a simple monatomic gas},
	volume = 83,
	year = 1980
}

@article{Wood1992Computation,
	author = {Wood, David},
	journal = {UKC},
	keywords = {QA 76 Software,computer programming},
	pages = {1-19},
	publisher = {UKC},
	title = {The computation of polylogarithms},
	url = {http://kar.kent.ac.uk/21052/},
	volume = 0,
	year = 1992
}issn = 04194209,

@BOOK{Olver:2010:NHMF,
      TITLE = {N{IST} handbook of mathematical functions},
    EDITOR = {Olver, Frank W. J. and Lozier, Daniel W. and Boisvert, Ronald
              F. and Clark, Charles W.},
	PUBLISHER = {U.S. Department of Commerce, National Institute of Standards
              and Technology, Washington, DC; Cambridge University Press,
              Cambridge},
      YEAR = {2010},
     PAGES = {xvi+951},
    note = {Print companion to \cite{NIST:DLMF}}
}     % NOTE = {With 1 CD-ROM (Windows, Macintosh and UNIX)},
      ISBN = {978-0-521-14063-8},
   MRCLASS = {33-00 (00A20 65-00)},
  MRNUMBER = {2723248 (2012a:33001)},

@MISC{NIST:DLMF,
  title = {{NIST Digital Library of Mathematical Functions}},
  howpublished = {Release 1.0.8 of 2014-04-25},
  note = {Online companion to \cite{Olver:2010:NHMF}},
  url = {http://dlmf.nist.gov/},
  key = {{\relax DLMF}}
}http://dlmf.nist.gov/, 

@ARTICLE{FG,
	author = {Bardos, Claude and Gamba, Irene M. and Golse, Fran\c{c}ois and Levermore, C David},
	title = {Global Solutions of the {B}oltzmann Equation over ${R}^D $ near Global {M}axwellians with Small Mass},
	journal = {arXiv:1409.1430},
	year = {2015}
}
@article{mouhot2007quantitative,
  title={Quantitative linearized study of the {B}oltzmann collision operator and applications},
  author={Mouhot, Cl{\'e}ment},
  journal={Communications in Mathematical Sciences},
  volume={5},
  pages={73--86},
  year={2007},
  publisher={International Press of Boston}
}
% Optional fields: month, year
@UNPUBLISHED{CDL-GlM,
	author = {Levermore, C David},
	title = {Global {M}axwellians over All Space and Their Relation to Conserved Quantites of Classical
Kinetic Equations},
	note = {preprint}
}
@INPROCEEDINGS{Grad:mist,
  YEAR = {1963},
  author = {Grad, Harold},
  title = {Asymptotic Theory of the {B}oltzmann Equation, {II}},
  booktitle = {Third International Rarefied Gas Dynamics Symposium},
  editor = {Laurmann, J A},
  pages = {26-59},
  address = {New York},
  organization = {Academic Press},
  volume = {1}
}
@article{Levermore2010Compactness,
  author = {Levermore, C David and Sun, Weiran},
  number = 2,
  pages = {335--351},
  title = {Compactness of the gain parts of the linearized Boltzmann operator with weakly cutoff kernels},
  volume = 3,
  year = 2010,
  journal = {Kinetic and Related Models},
}
@article{Golse1989Stationary,
  author = {Golse, François and Poupaud, Frédéric},
  number = 4,
  pages = {483--502},
  title = {Stationary solutions of the linearized Boltzmann equation in a half-space},
  volume = 11,
  year = 1989,
  journal = {Mathematical methods in the applied sciences},
}  url = {http://dx.doi.org/10.1002/mma.1670110406},

@article{Caflisch1980Boltzmann,
  author = {Caflisch, Russel E.},
  number = 1,
  pages = {71-95},
  title = {The Boltzmann equation with a soft potential - I. Linear, spatially-homogeneous},
  volume = 74,
  year = 1980,
  journal = {Communications in Mathematical Physics},
}
@ARTICLE{Grad:weakCO,
  author = {Grad, Harold},
  title = {Principles of the kinetic theory of gases},
  journal = {Handbuch der {P}hysik},
  year = {1958},
  volume = {12},
  pages = {205-294},
}
@article{maxwell1867dynamical,
  title={On the dynamical theory of gases},
  author={Maxwell, James Clerk},
  journal={Philosophical transactions of the Royal Society of London},
  pages={49--88},
  year={1867},
  publisher={JSTOR}
}
@INCOLLECTION{bouchut2000kinetic,
  title={Kinetic equations and asymptotic theory},
  author={Bouchut, Fran{\c{c}}ois and Golse, Fran{\c{c}}ois and Pulvirenti, Mario},
  editor = {Perthame, Benoit and Desvillettes, Laurent},
  editorS = {Ciarlet, Philippe G and Lions, Pierre-Louis},
  editorStype = {serieseditor},
  publisher = {Gauthier-Villars, Paris, Amsterdam, Lausanne, New York, Oxford, Shannon, Tokyo},
  series = {Series in Applied Mathematics},
  year={2000}
}
@article{de1989incompressible,
  title={Incompressible Navier-Stokes and Euler limits of the Boltzmann equation},
  author={De Masi, A and Esposito, R and Lebowitz, Joel Louis},
  journal={Communications on Pure and Applied Mathematics},
  volume={42},
  number={8},
  pages={1189--1214},
  year={1989},
  publisher={Wiley Online Library}
}
@INCOLLECTION{Sone1969As,
  author = {Sone, Yoshio},
  title = {Asymptotic theory of flow of a rarefied gas over a smooth boundary I},
  booktitle = {Rarefied Gas Dynamics},
  publisher = {Academic Press},
  year = 1969,
  pages = {243-253},
  address = {New York},
  editor = {Trilling and Watchman},
}
@article{karman1923gastheoretische,
  title={Gastheoretische Deutung der Reynolsschen Kennzahl},
  author={von K{\'a}rm{\'a}n, Theodore},
  journal={ZAMM},
  volume={3},
  pages={395--396},
  year={1923}
}
@book{gitman2012self,
  title={Self-adjoint extensions in quantum mechanics: general theory and applications to Schr{\"o}dinger and Dirac equations with singular potentials},
  author={Gitman, Dmitrij Maksimovi{\v{c}} and Tyutin, Igor Viktorovich and Voronov, Boris Leonidovich},
  volume={62},
  year={2012},
  PUBLISHER = {Birkh\"auser/Springer, New York},
  PAGES = {xiv+511},
  SERIES = {Progress in Mathematical Physics},
}
@article{desvillettes1994remark,
  title={A remark concerning the {Chapman}-{Enskog} asymptotics},
  author={Desvillettes, Laurent and Golse, François},
  journal={Advances in kinetic theory and computing},
  volume={22},
  pages={191--203},
  year={1994},
  publisher={World Scientific, Singapore}
}
@BOOK{cercignani1994mathematical,
  author = {Cercignani, Carlo and Illner, Reinhard and Pulvirenti, Mario},
  title = {The mathematical theory of dilute gases},
  year = {1994},
  publisher = {Springer-Verlag, New York},
  abstract = {Also on summation invariants},
  SERIES = {Applied Mathematical Sciences},
  PAGES = {viii+347},
  VOLUME = {106},
}
@ARTICLE{pitt1979compactness,
  author = {Pitt, Loren D},
  title = {A compactness condition for linear operators on function spaces},
  year = {1979},
  volume = {1},
  number = {1},
  pages = {49--54},
  journal = {Journal of Operator Theory}
}  url = {http://jot.theta.ro/jot/archive/1979-001-001/1979-001-001-004.pdf},

@article{Zakrevskiy2015Euler,
	author = {Zakrevskiy, Timofey},
	title = {The Euler limit for kinetic models with Fermi-Dirac statistics},
	journal = { Asymptotic Analysis},
	year = 2015,
	volume = {95},
	number = {1-2},
	pages = {59--77},
	doi={10.3233/ASY-151323},
}

@unpublished{Zakrevskiy2015NavierStokes,
	author = {Zakrevskiy, Timofey},
	title = {The Navier-Stokes limit for kinetic models with Fermi-Dirac statistics},
	year = 2015,
	note = {submitted to \textit{Kinetic and Related Models}},
}

@unpublished{Zakrevskiy2015Incompressible,
	author = {Zakrevskiy, Timofey},
	title = {The incompressible fluid dynamic limit for kinetic models with Fermi-Dirac statistics},
	year = 2015,
	note = {submitted to \textit{Bulletin de Sciences Mathématiques}},
}

@unpublished{Zakrevskiy2015Global,
	author = {Zakrevskiy, Timofey},
	title = {Solutions of the  Boltzmann equation linearised about global Maxwellians with small mass},
	year = 2015,
	note = {in preparation},
	journal = {To See},
}

@ARTICLE{Boltzmann1872Weitere,
	author = {Boltzmann, Ludwig},
	title = {Weitere Studien {\"u}ber das W{\"a}rmegleichgewicht unter Gasmolek{\"u}len},
	journal = {Sitzungsberichte der Akademie der Wissenschaften},
	year = {1872},
	pages = {275-370},
	volume = {66},
	addendum = {English translation: \fullcite{Boltzmann2003weitere}},
}
@INCOLLECTION{Boltzmann2003weitere,
	author = {Boltzmann, Ludwig},
	title = {Further studies on the thermal equilibrium of gas molecules},
	booktitle = {The Kinetic Theory Of Gases},
	publisher = {Imperial College Press},
	year = {2003},
	pages = {262--349},
	volume = {1},
	series = {History of Modern Physical Sciences},
	editor = { Brush, Stephen G and  Hall, Nancy S},
	options={skipbib=true,skiplab=true},
}we don't print it	ISBN = {978-1-86094-347-8},
@article{Grad1949On,
	author = {Grad, Harold},
	booktitle = {Communications on pure and applied mathematics},
	journal = {Communications on pure and applied mathematics},
	number = 4,
	pages = {331-407},
	publisher = {Wiley Online Library},
	title = {On the kinetic theory of rarefied gases},
	volume = 2,
	year = 1949
}
@incollection{Lanford1975Time,
	author = {Lanford III, Oscar E},
	booktitle = {Dynamical systems, theory and applications},
	journal = {Dynamical systems, theory and applications},
	pages = {1-111},
	publisher = {Springer},
	title = {Time evolution of large classical systems},
	year = 1975
}

@book{Gallagher2013From,
	author = {Gallagher, Isabelle and Saint-Raymond, Laure and Texier, Benjamin},
	publisher = {European Mathematical Society (EMS), Zürich},
	title = {From Newton to Boltzmann: hard spheres and short-range potentials},
	year = 2013,
	PAGES = {xii+137},
	SERIES = {Zurich Lectures in Advanced Mathematics},
}

@book{reif2009fundamentals,
  title={Fundamentals of statistical and thermal physics},
  author={Reif, Frederick},
  year={2009},
  publisher={Waveland Press}
}

@article {dirac1926Quantum,
	author = {Dirac, Paul A. M.},
	title = {On the Theory of Quantum Mechanics},
	volume = {112},
	number = {762},
	pages = {661--677},
	year = {1926},
	publisher = {The Royal Society},
	journal = {Proceedings of the Royal Society of London A: Mathematical, Physical and Engineering Sciences},
	organization={The Royal Society}
}	doi = {10.1098/rspa.1926.0133},issn = {0950-1207},

@article{fermi1926quantelung,
  title={Zur Quantelung des idealen einatomigen Gases},
  author={Fermi, Enrico},
  journal={Zeitschrift f{\"u}r Physik},
  volume={36},
  number={11-12},
  pages={902--912},
  year={1926},
  publisher={Springer},
  addendum={English translation: \fullcite{Zannoni1999On}}
}

@misc{Zannoni1999On,
	author = {Zannoni, Alberto},
	month = 12,
	title = {On the Quantization of the Monoatomic Ideal Gas},
	url = {http://arxiv.org/abs/cond-mat/9912229},
	urldate = {2015-07-20},
	year = 1999,
	options={skipbib=true,skiplab=true},
}pages = 6,

@unpublished{Golse2015Dispersion,
	author = {Golse, François},
	title = {The Boltzmann equation over $R^D$: Dispersion vs Disspation},
	year = {2015},
	note = {in preparation},
}

@book {Villani2008Entropy,
    AUTHOR = {Rezakhanlou, Fraydoun and Villani, Cédric},
    editor = {François Golse and Stefano Olla},
     TITLE = {Entropy methods for the {B}oltzmann equation},
    SERIES = {Lecture Notes in Mathematics},
    VOLUME = {1916},
      NOTE = {Lectures from a Special Semester on Hydrodynamic Limits held
              at the Université de Paris VI, Paris, 2001},
 PUBLISHER = {Springer, Berlin},
      YEAR = {2008},
     PAGES = {xii+107},
}  MRCLASS = {82C40 (82-02 82-06)},
  MRNUMBER = {2407976 (2010h:82086)},
MRREVIEWER = {Clément Mouhot},
       DOI = {10.1007/978-3-540-73705-6},
       URL = {http://dx.doi.org/10.1007/978-3-540-73705-6},
      ISBN = {978-3-540-73704-9},