@incollection{Boltzmann1970springer,
year={1970},
isbn={978-3-528-06067-1},
booktitle={Kinetische Theorie II},
volume={67},
series={WTB Wissenschaftliche Taschenb체cher},
doi={10.1007/978-3-322-84986-1_3},
title={Weitere Studien 체ber das W채rmegleichgewicht unter Gasmolek체len},
url={http://dx.doi.org/10.1007/978-3-322-84986-1_3},
publisher={Vieweg+Teubner Verlag},
author={Boltzmann, Ludwig},
pages={115-225},
language={German},
}

 
% Optional fields: editor,  , series, type,   address, edition, month, note
@INCOLLECTION{Boltzmann2003weitere,
	author = {Bolzmann, Ludwig},
	title = {Further studies on the thermal equilibrium of gas molecules},
	booktitle = {The Kinetic Theory Of Gases},
	publisher = {Imperial College Press},
	year = {2003},
	ISBN = {978-1-86094-347-8},
	pages = {262--349},
	volume = {1},
	series = {History of Modern Physical Sciences},
	editor = { Brush, Stephen G and  Hall, Nancy S},
	note = {translation \cite{}},
}

@misc{Boltzmann1965weitere,
  title={Weitere Studien {\"u}ber das W{\"a}rmegleichgewicht unter Gasmolek{\"u}len.  66 (1872) 275-370. English translation in SG Brush, Kinetic theory (vol. 1)},
  author={Boltzmann, L},
  year={1965},
  publisher={Pergamon Press, Oxford}
}
% Optional fields: volume, number, pages, month, note
@ARTICLE{Boltzmann1872Weitere,
	author = {Bolzmann, Ludwig},
	title = {Weitere Studien {\"u}ber das W{\"a}rmegleichgewicht unter Gasmolek{\"u}len},
	journal = {Sitzungsberichte der Akademie der Wissenschaften},
	year = {1872},
	pages = {275-370},
	volume = {66},
	addendum = {English translation: \fullcite[546]{Boltzmann2003weitere}},
}