@book {MR0258399,
    AUTHOR = {Chapman, Sydney and Cowling, T. G.},
     TITLE = {The mathematical theory of non-uniform gases. {A}n account of
              the kinetic theory of viscosity, thermal conduction and
              diffusion in gases},
    SERIES = {Third edition, prepared in co-operation with D. Burnett},
 PUBLISHER = {Cambridge University Press, London},
      YEAR = {1970},
     PAGES = {xxiv+423},
   MRCLASS = {82.00},
  MRNUMBER = {0258399 (41 \#3046)},
}

% Optional fields: month, year
@UNPUBLISHED{Zakrevskiy2015incompressible,
	author = {Zakrevskiy, Timofey},
	title = {The incompressible fluid dynamic limit for kinetic models with Fermi-Dirac statistics},
	note = {Submitted}
}
@UNPUBLISHED{Zakrevskiy2015scattering,
	author = {Zakrevskiy, Timofey},
	title = {Global solutions of the linearised Boltzmann equation over Rd near global Maxwellians with small mass},
	note = {in preparation}
}