@book{reif2009fundamentals,
  title={Fundamentals of statistical and thermal physics},
  author={Reif, Frederick},
  year={2009},
  publisher={Waveland Press}
}

@article {dirac1926Quantum,
	author = {Dirac, P. A. M.},
	title = {On the Theory of Quantum Mechanics},
	volume = {112},
	number = {762},
	pages = {661--677},
	year = {1926},
	doi = {10.1098/rspa.1926.0133},
	publisher = {The Royal Society},
	issn = {0950-1207},
	journal = {Proceedings of the Royal Society of London A: Mathematical, Physical and Engineering Sciences}
}
