@article{grad1949kinetic,
  title={On the kinetic theory of rarefied gases},
  author={Grad, Harold},
  journal={Communications on pure and applied mathematics},
  volume={2},
  number={4},
  pages={331--407},
  year={1949},
  publisher={Wiley Online Library}
}
@incollection{lanford1975time,
  title={Time evolution of large classical systems},
  author={Lanford III, Oscar E},
  booktitle={Dynamical systems, theory and applications},
  pages={1--111},
  year={1975},
  publisher={Springer}
}
