lit for cha 1

\begin{thebibliography}{10}

\bibitem{bardos1991fluidDiscr}
C.~Bardos, F.~Golse, and D.~Levermore,
\newblock Fluid dynamic limits of discrete velocity kinetic equations,
\newblock in: {\em Advances in Kinetic Theory and Continuum Mechanics}, Springer, Berlin, 1991, pp.~57--71.

\bibitem{bardos1991fluid}
C.~Bardos, F.~Golse, and D.~Levermore,
\newblock Fluid dynamic limits of kinetic equations. {I}. {F}ormal derivations, {\em J. Statist. Phys.}, {\bf 63}(1-2) {(1991)}, {323--344}.


\bibitem{CBFG1984aspects}
C.~Bardos and F.~Golse,
\newblock Diff\'erents aspects de la notion d'entropie au niveau de
  l'\'equation de {B}oltzmann et de {N}avier-{S}tokes, 
\newblock {\em C. R. Acad. Sci. Paris S\'er. I Math.} {\bf 299}(7) (1984), 225--228.

\bibitem{cercignani1988boltzmann}
C.~Cercignani,
\newblock {\em The {B}oltzmann equation and its applications}, 
  {\em Applied Mathematical Sciences}, Vol.~67,
\newblock Springer-Verlag, New York, 1988.

\bibitem{NIST:DLMF}
{NIST Digital Library of Mathematical Functions},
\newblock \url{http://dlmf.nist.gov/}, release 1.0.8 of 2014-04-25,
\newblock online companion to \cite{Olver:2010:NHMF}.

\bibitem{Dolbeault1994FD}
J.~Dolbeault,
\newblock Kinetic models and quantum effects: a modified Boltzmann equation for Fermi-Dirac particles,
\newblock {\em Archive for rational mechanics and analysis},
{\bf 127}(2) (1994), 101--131.

\bibitem{glassey1987cauchy}
R.T.~Glassey,
\newblock {\em The {C}auchy problem in kinetic theory},
\newblock Society for Industrial and Applied Mathematics (SIAM), Philadelphia,
  PA, 1996.

\bibitem{godounov1987lois}
S.K.~Godunov, 
\newblock Lois de conservation de int\'egrales d'\'energie des \'equations
  hyperboliques, 
\newblock in: {\em Nonlinear hyperbolic problems ({S}t.\ {E}tienne, 1986)},
  {\em Lecture Notes in Math.}, Vol.~1270, Springer,
  Berlin, 1987, pp. 135--149.

\bibitem{godunov1961interesting}
S.K.~Godunov,
\newblock An interesting class of quasi-linear systems,
\newblock {\em Dokl. Akad. Nauk SSSR} {\bf 139} (1961), 521--523.

\bibitem{godunov1978elements}
S.K.~Godunov,
\newblock {\em Elementy mekhaniki sploshnoi sredy}, 
\newblock  Nauka, Moscow, 1978.

\bibitem{harten1998convex}
A.~Harten, P.D.~Lax, C.D.~Levermore, and W.J.~Morokoff, 
\newblock Convex entropies and hyperbolicity for general {E}uler equations, 
\newblock {\em SIAM J. Numer. Anal.}  {\bf 35}(6) (1998), 2117--2127 (electronic).

\bibitem{landau1968vol5}
L.D.~Landau and E.M.~Lifshitz, {\em Course of theoretical physics. {V}ol. 5: {S}tatistical physics}, {Pergamon Press, Oxford-Edinburgh-New York}, {1968}, {translated from the Russian by J.B.~Sykes and M.J.~Kearsley. Second revised and enlarged edition}.

\bibitem{landau1981vol10}
 E.M.~Lifshitz and L.P.~Pitaevskij,  {\em Course of theoretical physics. {V}ol. 10: {P}hysical kinetics}, {Pergamon Press, Oxford-Elmsford, N.Y.}, {1981}, translated from the Russian by J.B.~Sykes and R.N.~Franklin.

\bibitem{Olver:2010:NHMF}
F.W.J.~Olver, D.W.~Lozier, R.F.~Boisvert, and C.W.~Clark,
  eds.,
\newblock {\em N{IST} handbook of mathematical functions}, 
\newblock U.S. Department of Commerce, National Institute of Standards and
  Technology, Washington, DC; Cambridge University Press, Cambridge, 2010.

\bibitem{prudnikov1986integrals}
A.P.~Prudnikov, Yu.A.~Brychkov, and O.I.~Marichev, 
\newblock {\em Integrals and series. {V}ol. 2.  Special functions}, 
\newblock Gordon \& Breach Science Publishers, New York, 1986,
\newblock translated from the Russian by N. M. Queen.

\bibitem{truesdell1980fundamentals}
C.~Truesdell and R.G.~Muncaster, 
\newblock {\em Fundamentals of {M}axwell's kinetic theory of a simple monatomic
  gas. Treated as a branch of rational mechanics},  {\em Pure and Applied Mathematics}, Vol.~83, 
\newblock Academic Press, Inc., New   York-London, 1980.


\bibitem{wood1992computation}
D.C.~Wood, 
\newblock The computation of polylogarithms, 
\newblock Technical Report 15/92, University of Kent Computing Laboratory, Kent, 
  1992.

\end{thebibliography}